@online{iverilogwebsite,
    author    = {Stephen Williams},
    title     = {Icarus Verilog:Home page},
    url       = {http://iverilog.icarus.com/}
}